<collection xmlns="http://www.loc.gov/MARC21/slim">
<record>
  <leader>00858nam0a2200229 i 450 </leader>
  <controlfield tag="001">IT\ICCU\CNCE\007506</controlfield>
  <controlfield tag="005">19970101000000.0</controlfield>
  <datafield tag="012" ind1=" " ind2=" ">
    <subfield code="a">abit r-m. tiuo o.as (C) 1582 (Q)</subfield>
    <subfield code="2">fei</subfield>
  </datafield>
  <datafield tag="100" ind1=" " ind2=" ">
    <subfield code="a">19970101f1582        0itac0103    ba</subfield>
  </datafield>
  <datafield tag="101" ind1=" " ind2=" ">
    <subfield code="a">LAT</subfield>
  </datafield>
  <datafield tag="102" ind1=" " ind2=" ">
    <subfield code="a">IT</subfield>
  </datafield>
  <datafield tag="200" ind1="1" ind2=" ">
    <subfield code="a">Statuta quaedam ... condita suadente ... Andrea Lauretano ... Publicata die nono 1548 \sic!</subfield>
  </datafield>
  <datafield tag="210" ind1=" " ind2=" ">
    <subfield code="a">Brixiae</subfield>
    <subfield code="c">apud Polycretum Turlinum</subfield>
    <subfield code="d">\non prima del 1582!</subfield>
  </datafield>
  <datafield tag="215" ind1=" " ind2=" ">
    <subfield code="a">\4! c.</subfield>
    <subfield code="d">4ʻ</subfield>
  </datafield>
  <datafield tag="620" ind1=" " ind2=" ">
    <subfield code="a">IT</subfield>
    <subfield code="d">Brescia</subfield>
  </datafield>
  <datafield tag="710" ind1="0" ind2="2">
    <subfield code="a">Brescia</subfield>
    <subfield code="3">2022</subfield>
  </datafield>
  <datafield tag="712" ind1="0" ind2="0">
    <subfield code="a">Turlino, Policreto</subfield>
    <subfield code="3">IT\ICCU\CNCT\000250</subfield>
    <subfield code="4">650</subfield>
  </datafield>
  <datafield tag="791" ind1="0" ind2="2">
    <subfield code="a">Brixia</subfield>
    <subfield code="3">28215</subfield>
    <subfield code="z">Brescia</subfield>
  </datafield>
  <datafield tag="791" ind1="0" ind2="0">
    <subfield code="a">Turlinus, Polycretus</subfield>
    <subfield code="3">IT\ICCU\CNCT\005609</subfield>
    <subfield code="z">Turlino, Policreto</subfield>
  </datafield>
  <datafield tag="791" ind1="0" ind2="0">
    <subfield code="a">Turlini, Polycreto</subfield>
    <subfield code="3">IT\ICCU\CNCT\005610</subfield>
    <subfield code="z">Turlino, Policreto</subfield>
  </datafield>
  <datafield tag="801" ind1=" " ind2="3">
    <subfield code="a">IT</subfield>
    <subfield code="b">ICCU</subfield>
    <subfield code="c">20201113</subfield>
  </datafield>
  <datafield tag="899" ind1=" " ind2=" ">
    <subfield code="a">Biblioteca nazionale Braidense. Milano</subfield>
    <subfield code="1">MI0185</subfield>
    <subfield code="2">MIL NB</subfield>
  </datafield>
</record>
</collection>
